@incollection{friendly2008,
author={Friendly, Michael},
title={A Brief History of Data Visualization},
booktitle={Handbook of Data Visualization},
editor={Chen, Chun-houh and Härdle, Wolfgang and Unwin, Antony},
year={2008},
pages={15-56},
publisher={Springer Berlin Heidelberg},
}

@incollection{becker_brief_1994,
author={Becker, Richard A.},
title={A brief history of S},
booktitle={Computational Statistics},
editor={Dirschedl, P. and Ostermann, R.},
year={1994},
pages={81-110},
publisher={Physica-Verlag, Heidelberg},
}

@article{Utrilla2009,
title = "A palaeolithic map from 13,660 calBP: engraved stone blocks from the Late Magdalenian in Abauntz Cave (Navarra, Spain) ",
journal = "Journal of Human Evolution ",
volume = "57",
number = "2",
pages = "99 - 111",
year = "2009",
note = "",
issn = "0047-2484",
doi = "http://dx.doi.org/10.1016/j.jhevol.2009.05.005",
url = "http://www.sciencedirect.com/science/article/pii/S0047248409000839",
author = "P. Utrilla and C. Mazo and M.C. Sopena and M. Martínez-Bea and R. Domingo",
keywords = "Magdalenian art",
keywords = "Landscape",
keywords = "Palaeolithic",
keywords = "Human spatial awareness "
}
