@Manual{R-base,
  title = {R: A Language and Environment for Statistical Computing},
  author = {{R Core Team}},
  organization = {R Foundation for Statistical Computing},
  address = {Vienna, Austria},
  year = {2018},
  url = {https://www.R-project.org/},
}
@Manual{R-bookdown,
  title = {bookdown: Authoring Books and Technical Documents with R Markdown},
  author = {Yihui Xie},
  note = {R package version 0.9.1},
  url = {https://github.com/rstudio/bookdown},
  year = {2018},
}
@Manual{R-devtools,
  title = {devtools: Tools to Make Developing R Packages Easier},
  author = {Hadley Wickham and Jim Hester and Winston Chang},
  year = {2018},
  note = {R package version 2.0.1},
  url = {https://CRAN.R-project.org/package=devtools},
}
@Manual{R-graphicsutils,
  title = {graphicsutils: Collection of graphics utilities},
  author = {Kevin Cazelles and Nicolas Casajus and David Beauchesne},
  year = {2018},
  note = {R package version 1.2-1-9000},
  url = {https://github.com/inSileco/graphicsutils},
}
@Manual{R-inSilecoMisc,
  title = {inSilecoMisc: inSileco Miscellaneous Functions},
  author = {Kevin Cazelles and David Beauchesne and Nicolas Casajus and Steve Vissault},
  year = {2019},
  note = {https://github.com/inSileco/inSilecoMisc, http://insileco.github.io/inSilecoMisc},
}
@Manual{R-knitr,
  title = {knitr: A General-Purpose Package for Dynamic Report Generation in R},
  author = {Yihui Xie},
  year = {2018},
  note = {R package version 1.21},
  url = {https://CRAN.R-project.org/package=knitr},
}
@Manual{R-magrittr,
  title = {magrittr: A Forward-Pipe Operator for R},
  author = {Stefan Milton Bache and Hadley Wickham},
  year = {2014},
  note = {R package version 1.5},
  url = {https://CRAN.R-project.org/package=magrittr},
}
@Manual{R-rmarkdown,
  title = {rmarkdown: Dynamic Documents for R},
  author = {JJ Allaire and Yihui Xie and Jonathan McPherson and Javier Luraschi and Kevin Ushey and Aron Atkins and Hadley Wickham and Joe Cheng and Winston Chang and Richard Iannone},
  year = {2018},
  note = {R package version 1.11},
  url = {https://CRAN.R-project.org/package=rmarkdown},
}
@Manual{R-usethis,
  title = {usethis: Automate Package and Project Setup},
  author = {Hadley Wickham and Jennifer Bryan},
  year = {2018},
  note = {R package version 1.4.0},
  url = {https://CRAN.R-project.org/package=usethis},
}
